<?xml version="1.0" encoding="utf-8"?>
<record xmlns="http://www.loc.gov/MARC21/slim" xmlns:xsi="http://www.w3.org/2001/XMLSchema-instance" xsi:schemaLocation="http://www.loc.gov/MARC21/slim http://www.loc.gov/standards/marcxml/schema/MARC21slim.xsd">
	<leader>     nam a22        4500</leader>
	<controlfield tag="001">b12328492</controlfield>
	<controlfield tag="003">UaCaAUL</controlfield>
	<controlfield tag="006">m        d        </controlfield>
	<controlfield tag="007">cr cn |||m|||a</controlfield>
	<controlfield tag="008">170928s1932    ua      ob    000 0 ara d</controlfield>
	<datafield ind1=" " ind2=" " tag="040">
		<subfield code="a">NNU</subfield>
		<subfield code="b">eng</subfield>
		<subfield code="e">rda</subfield>
		<subfield code="c">NNU</subfield>
	</datafield>
	<datafield ind1=" " ind2=" " tag="066">
		<subfield code="c">(3</subfield>
	</datafield>
	<datafield ind1=" " ind2=" " tag="090">
		<subfield code="a">BP195.M6</subfield>
		<subfield code="b">I24 1932</subfield>
	</datafield>
	<datafield ind1="1" ind2=" " tag="100">
		<subfield code="6">880-01</subfield>
		<subfield code="a">Ibn Qayyim al-Jawzīyah, Muḥammad ibn Abī Bakr,</subfield>
		<subfield code="d">1292-1350,</subfield>
		<subfield code="e">author.</subfield>
	</datafield>
	<datafield ind1="1" ind2="0" tag="245">
		<subfield code="6">880-02</subfield>
		<subfield code="a">Ijtimāʻ al-juyūsh al-Islāmīyah ʻalá ghazw al-Muʻaṭṭilah wa-al-Jahmīyah /</subfield>
		<subfield code="c">lil-shaykh al-imām al-ḥujjah al-ḥāfiẓ al-mutqin al-muḥaddith al-mufassir al-mujtahid sayf Allāh ʻalá aʻnāq al-mubtadiʻīn wa-al-dhāb ʻan sharʻ sayyid al-mursalīn shams al-dīn Abī ʻAbd Allāh Muḥammad ibn Abī Bakr ibn Ayyūb al-Zarʻī al-maʻrūf bi-ibn Qayyim al-Jawzīyah al-Dimashqī al-mutawaffá sanat iḥdá wa-khamsīn wa-sabʻmiah H rawḥ Allāh rawḥihi wa-nawwar marqidihi wa-ḍarīḥihi ; ʻunya bi-taṣḥīḥihi wa-murājaʻat uṣūlihi wa-nashrihi sanat 1351 H ʻAbd Allāh ibn Ḥasan al-Shaykh, raʼīs quḍāt al-Ḥijāz wa-Ibrāhīm al-Shūrá, mudīr al-Maʻhad al-ʻIlmī al-Islāmī bi-Makkah.</subfield>
	</datafield>
	<datafield ind1=" " ind2="1" tag="264">
		<subfield code="6">880-03</subfield>
		<subfield code="a">Miṣr :</subfield>
		<subfield code="b">Idārat al-Ṭibāʻah al-Munīrīyahbi-Miṣr,</subfield>
		<subfield code="c">1351 H [1932]</subfield>
	</datafield>
	<datafield ind1=" " ind2=" " tag="300">
		<subfield code="a">online resource (142 pages)</subfield>
	</datafield>
	<datafield ind1=" " ind2=" " tag="336">
		<subfield code="a">text</subfield>
		<subfield code="2">rdacontent</subfield>
	</datafield>
	<datafield ind1=" " ind2=" " tag="337">
		<subfield code="a">computer</subfield>
		<subfield code="2">rdamedia</subfield>
	</datafield>
	<datafield ind1=" " ind2=" " tag="338">
		<subfield code="a">online resource</subfield>
		<subfield code="2">rdacarrier</subfield>
	</datafield>
	<datafield ind1=" " ind2=" " tag="500">
		<subfield code="6">880-04</subfield>
		<subfield code="a">Ḥuqūq al-ṭabʻ maḥfūẓah li-ʻAbd Allāh ibn Ḥasan al-Shaykh, raʼīs quḍāt al-Ḥijāz wa-Ibrāhīm al-Shūrá, mudīr al-Maʻhad al-ʻIlmī al-Islāmī bi-Makkah.</subfield>
	</datafield>
	<datafield ind1=" " ind2=" " tag="500">
		<subfield code="a">Includes Errata pages.</subfield>
	</datafield>
	<datafield ind1=" " ind2=" " tag="500">
		<subfield code="a">Part of the Arabic Collections Online (ACO) project, contributed by American University in Cairo Library.</subfield>
	</datafield>
	<datafield ind1=" " ind2=" " tag="504">
		<subfield code="a">Includes bibliographical references.</subfield>
	</datafield>
	<datafield ind1=" " ind2=" " tag="533">
		<subfield code="a">Electronic reproduction.</subfield>
		<subfield code="b">New York, N.Y. :</subfield>
		<subfield code="c">New York University,</subfield>
		<subfield code="d">2017.</subfield>
		<subfield code="5">NNU</subfield>
	</datafield>
	<datafield ind1=" " ind2="0" tag="650">
		<subfield code="a">Muʻaṭṭilah.</subfield>
	</datafield>
	<datafield ind1=" " ind2="0" tag="650">
		<subfield code="a">Jahmīyah.</subfield>
	</datafield>
	<datafield ind1=" " ind2="0" tag="650">
		<subfield code="a">Islamic sects.</subfield>
	</datafield>
	<datafield ind1=" " ind2="7" tag="650">
		<subfield code="a">Islamic sects.</subfield>
		<subfield code="2">fast</subfield>
		<subfield code="0">(OCoLC)fst00980055</subfield>
	</datafield>
	<datafield ind1=" " ind2="7" tag="650">
		<subfield code="a">Jahmīyah.</subfield>
		<subfield code="2">fast</subfield>
		<subfield code="0">(OCoLC)fst00981121</subfield>
	</datafield>
	<datafield ind1=" " ind2="7" tag="650">
		<subfield code="a">Muʻaṭṭilah.</subfield>
		<subfield code="2">fast</subfield>
		<subfield code="0">(OCoLC)fst01031249</subfield>
	</datafield>
	<datafield ind1="1" ind2=" " tag="700">
		<subfield code="6">880-05</subfield>
		<subfield code="a">Shaykh, ʻAbd Allāh ibn Ḥasan,</subfield>
		<subfield code="e">editor.</subfield>
	</datafield>
	<datafield ind1="1" ind2=" " tag="700">
		<subfield code="6">880-06</subfield>
		<subfield code="a">Shūrá, Ibrāhīm,</subfield>
		<subfield code="e">editor.</subfield>
	</datafield>
	<datafield ind1="2" ind2=" " tag="710">
		<subfield code="a">American University in Cairo.</subfield>
		<subfield code="b">Library.</subfield>
	</datafield>
	<datafield ind1="0" ind2=" " tag="730">
		<subfield code="a">Arabic Collections Online.</subfield>
	</datafield>
	<datafield ind1="0" ind2="8" tag="776">
		<subfield code="i">Print version:</subfield>
		<subfield code="a">Ibn Qayyim al-Jawzīyah, Muḥammad ibn Abī Bakr, 1292-1350, author.</subfield>
		<subfield code="t">Ijtimāʻ al-juyūsh al-Islāmīyah ʻalá ghazw al-Muʻaṭṭilah wa-al-Jahmīyah</subfield>
		<subfield code="w">(UaCaAUL)b12328492</subfield>
		<subfield code="w">(OCoLC)122725617</subfield>
	</datafield>
	<datafield ind1="4" ind2="0" tag="856">
		<subfield code="u">http://hdl.handle.net/2333.1/xd254dpn</subfield>
	</datafield>
	<datafield ind1="1" ind2=" " tag="880">
		<subfield code="6">100-01/(3/r</subfield>
		<subfield code="a">ابن قيم الجوزية، محمد بن أبي بكر،</subfield>
		<subfield code="d">1292-1350.</subfield>
	</datafield>
	<datafield ind1="1" ind2="0" tag="880">
		<subfield code="6">245-02/(3/r</subfield>
		<subfield code="a">اجتماع الجيوش الإسلامية على غزو المعطلة والجهمية /</subfield>
		<subfield code="c">للشيخ الإمام الحجة الحافظ المتقن المحدث المفسر المجتهد سيف الله على أعناق المبتدعين والذاب عن شرع سيد المرسلين شمس الدين أبي عبد الله محمد بن أبي بكر بن أيوب الزرعي المعروف بابن قيم الجوزية الدمشقي المتوفى سنة احدى وخمسين وسبعمائة هـ روح الله روحه ونور مرقده وضريحه ؛ عني بتصحيحه ومراجعة أصوله ونشره سنة 1351 هـ عبد الله بن حسن الشيخ، رئيس قضاة الحجاز وإبراهيم الشورى، مدير المعهد العلمي الإسلامي بمكة.</subfield>
	</datafield>
	<datafield ind1=" " ind2="1" tag="880">
		<subfield code="6">264-03/(3/r</subfield>
		<subfield code="a">مصر :</subfield>
		<subfield code="b">إدارة الطباعة المنيريةبمصر،</subfield>
		<subfield code="c">1351 هـ [1932]</subfield>
	</datafield>
	<datafield ind1=" " ind2=" " tag="880">
		<subfield code="6">500-04/(3/r</subfield>
		<subfield code="a">حقوق الطبع محفوظة لعبد الله بن حسن الشيخ، رئيس قضاة الحجاز وإبراهيم الشورى، مدير المعهد العلمي الإسلامي بمكة.</subfield>
	</datafield>
	<datafield ind1="1" ind2=" " tag="880">
		<subfield code="6">700-05/(3/r</subfield>
		<subfield code="a">شيخ، عبد الله بن حسن.</subfield>
	</datafield>
	<datafield ind1="1" ind2=" " tag="880">
		<subfield code="6">700-06/(3/r</subfield>
		<subfield code="a">شورى، إبراهيم.</subfield>
	</datafield>
	<datafield ind1=" " ind2=" " tag="959">
		<subfield code="a">NNU</subfield>
		<subfield code="b">WEB</subfield>
		<subfield code="c">GENI</subfield>
		<subfield code="t">0</subfield>
		<subfield code="m">Electronic access</subfield>
		<subfield code="s">01</subfield>
	</datafield>
	<datafield ind1=" " ind2=" " tag="999">
		<subfield code="i">UaCaAUL_b12328492</subfield>
		<subfield code="o">(OCoLC)ocn122725617</subfield>
		<subfield code="s">auc_aco000198</subfield>
	</datafield>
</record>
